@Misc{Kickflash-Thread,
  title = 	 {{Kickflash Thread}},
  howpublished = {\url{http://www.a1k.org/forum/showthread.php?t=38329}}}

@Misc{Kickflash-Manual,
  title = 	 {{Kickflash Manual}},
  howpublished = {\url{http://www.amigawiki.de/doku.php?id=de:projects:kickflash_a500}}}

@Misc{Turbokarte,
  title = 	 {{Turbokarte von Matze}},
  howpublished = {\url{http://www.a1k.org/forum/showthread.php?t=33003}}}

@Misc{Memory,
  title = 	 {{Trapdoor extension Thread}},
  howpublished = {\url{http://www.a1k.org/forum/showthread.php?p=751285}}}


@Misc{USBasp,
  title = 	 {USBasp},
  howpublished = {\url{http://www.fischl.de/usbasp/}}}

